<?xml version="1.0" encoding="UTF-8"?>
<Document xmlns="urn:iso:std:iso:20022:tech:xsd:pain.001.001.03" xmlns:xsi="http://www.w3.org/2001/XMLSchema-instance">
  <CstmrCdtTrfInitn>
    <GrpHdr>
      <MsgId>KOOKEBOOK537F8FC9AE30B</MsgId>
      <CreDtTm>2014-05-23T20:13:29Z</CreDtTm>
      <NbOfTxs>1</NbOfTxs>
      <CtrlSum>2.98</CtrlSum>
      <InitgPty>
        <Nm>kookebook</Nm>
      </InitgPty>
    </GrpHdr>
    <PmtInf>
      <PmtInfId>Payment Info ID</PmtInfId>
      <PmtMtd>TRF</PmtMtd>
      <NbOfTxs>1</NbOfTxs>
      <CtrlSum>2.98</CtrlSum>
      <PmtTpInf>
        <SvcLvl>
          <Cd>SEPA</Cd>
        </SvcLvl>
      </PmtTpInf>
      <ReqdExctnDt>2014-05-23</ReqdExctnDt>
      <Dbtr>
        <Nm>kookebook</Nm>
      </Dbtr>
      <DbtrAcct>
        <Id>
          <IBAN>FR7030002005500000157845Z02</IBAN>
        </Id>
        <Ccy>EUR</Ccy>
      </DbtrAcct>
      <DbtrAgt>
        <FinInstnId>
          <BIC>CRLYFRPP</BIC>
        </FinInstnId>
      </DbtrAgt>
      <ChrgBr>SLEV</ChrgBr>
      <CdtTrfTxInf>
        <PmtId>
          <EndToEndId>DUPONT Martin</EndToEndId>
        </PmtId>
        <Amt>
          <InstdAmt Ccy="EUR">2.98</InstdAmt>
        </Amt>
        <CdtrAgt>
          <FinInstnId>
            <BIC>PSSTFRPPREN</BIC>
          </FinInstnId>
        </CdtrAgt>
        <Cdtr>
          <Nm>DUPONT Martin</Nm>
        </Cdtr>
        <CdtrAcct>
          <Id>
            <IBAN>FR1920041100200058741005T15</IBAN>
          </Id>
        </CdtrAcct>
        <RmtInf>
          <Ustrd>Paiement kookebook</Ustrd>
        </RmtInf>
      </CdtTrfTxInf>
    </PmtInf>
  </CstmrCdtTrfInitn>
</Document>
